@article{monitering,
  title={Embedded system integrated into a wireless sensor network for online dynamic torque and efficiency monitoring in induction motors},
  author={Lima-Filho, Abel C and Gomes, Ruan D and Adissi, Marceu O and Da Silva, Tassio Alessandro Borges and Belo, Francisco A and Spohn, Marco A},
  journal={IEEE/ASME transactions on mechatronics},
  volume={17},
  number={3},
  pages={404--414},
  year={2012},
  publisher={IEEE}
}

@inproceedings{lte1,
  title={LTE and WiFi: Experiences with Quality and Consumption.},
  author={Striegel, Aaron and Liu, Shu and Hu, Xueheng and Meng, Lei},
  booktitle={FNC/MobiSPC},
  pages={418--425},
  year={2014}
}

@inproceedings{lte2,
  title={Delay metrics and delay characteristics: A study of four Swedish HSDPA+ and LTE networks},
  author={Garcia, Johan and Alfredsson, Stefan and Brunstrom, Anna},
  booktitle={2015 European Conference on Networks and Communications (EuCNC)},
  pages={234--238},
  year={2015},
  organization={IEEE}
}

@article{tcp,
  title={An in-depth study of LTE: effect of network protocol and application behavior on performance},
  author={Huang, Junxian and Qian, Feng and Guo, Yihua and Zhou, Yuanyuan and Xu, Qiang and Mao, Z Morley and Sen, Subhabrata and Spatscheck, Oliver},
  journal={ACM SIGCOMM Computer Communication Review},
  volume={43},
  number={4},
  pages={363--374},
  year={2013},
  publisher={ACM New York, NY, USA}
}

@article{distribution,
title={{LTE環境下の実測データに基づくRTT分布モデリング}},
author={{田行里衣, 池上大介}},
journal={{電子情報通信学会}},
volume={{118}},
number={{140}},
pages={{57--61}},
year={{2018}},
publisher={{ISSN}}
}

@mastersthesis{prev,
title={{実環境における Radio Tomographic Imaging によるイベント検知の検証}},
author={{辰巳 陸}},
type={{特別研究報告}},
school={{大阪大学}},
year={{2019}},
month={{Feb}},
}

@article{internet1,
  title={Wide-area Internet traffic patterns and characteristics},
  author={Thompson, Kevin and Miller, Gregory J and Wilder, Rick},
  journal={IEEE network},
  volume={11},
  number={6},
  pages={10--23},
  year={1997},
  publisher={IEEE}
}

@article{internet2,
  title={A survey on internet traffic identification},
  author={Callado, Arthur and Kamienski, Carlos and Szab{\'o}, G{\'e}za and Gero, Bal{\'a}zs P{\'e}ter and Kelner, Judith and Fernandes, St{\^e}nio and Sadok, Djamel},
  journal={IEEE communications surveys \& tutorials},
  volume={11},
  number={3},
  pages={37--52},
  year={2009},
  publisher={IEEE}
}

@manual{lte1,
    organization  = "3GPP",
    title         = "Evolved Universal Terrestrial Radio Access (E-UTRA) and Evolved Universal Terrestrial Radio Access Network (E-UTRAN); Overall description; Stage 2",
    number        = "TS36.300",
    year          =  2019,
    month         =  June,    
    note          = "Rev. 15.6.0 "
}

@manual{lte2,
organization="3GPP",
title="General Packet Radio Service (GPRS) enhancements for Evolved Universal Terrestrial Radio Access Network (E-UTRAN) access",
number=TS23.401",
year=2019,
month=June,
note="Rev.16.3.0"
}

@inproceedings{lte3,
  title={A novel architecture for LTE-B: C-plane/U-plane split and phantom cell concept},
  author={Ishii, Hiroyuki and Kishiyama, Yoshihisa and Takahashi, Hideaki},
  booktitle={2012 IEEE Globecom Workshops},
  pages={624--630},
  year={2012},
  organization={IEEE}
}

@article{lte4,
  title={LTE-SAE architecture and performance},
  author={Beming, Per and Frid, Lars and Hall, G{\"o}ran and Malm, Peter and Noren, Thomas and Olsson, Magnus and Rune, G{\"o}ran},
  journal={Ericsson Review},
  volume={3},
  pages={98--104},
  year={2007}
}

@incollection{model1,
  title={Autoregressive model fitting for control},
  author={Akaike, Hirotugu},
  booktitle={Selected Papers of Hirotugu Akaike},
  pages={153--170},
  year={1998},
  publisher={Springer}
}

@article{model2,
  title={Small-sample properties of the maximum likelihood estimator in the first-order moving average model},
  author={Cryer, Jonathan D and Ledolter, Johannes},
  journal={Biometrika},
  volume={68},
  number={3},
  pages={691--694},
  year={1981},
  publisher={Oxford University Press}
}

@article{model3,
  title={Persistence in variance, structural change, and the GARCH model},
  author={Lamoureux, Christopher G and Lastrapes, William D},
  journal={Journal of Business \& Economic Statistics},
  volume={8},
  number={2},
  pages={225--234},
  year={1990},
  publisher={Taylor \& Francis}
}

@article{aic1,
  title={Model selection and Akaike's information criterion (AIC): The general theory and its analytical extensions},
  author={Bozdogan, Hamparsum},
  journal={Psychometrika},
  volume={52},
  number={3},
  pages={345--370},
  year={1987},
  publisher={Springer}
}

@article{aic2,
  title={Multimodel inference: understanding AIC and BIC in model selection},
  author={Burnham, Kenneth P and Anderson, David R},
  journal={Sociological methods \& research},
  volume={33},
  number={2},
  pages={261--304},
  year={2004},
  publisher={Sage Publications Sage CA: Thousand Oaks, CA}
}

@article{kmeans,
  title={An efficient k-means clustering algorithm: Analysis and implementation},
  author={Kanungo, Tapas and Mount, David M and Netanyahu, Nathan S and Piatko, Christine D and Silverman, Ruth and Wu, Angela Y},
  journal={IEEE transactions on pattern analysis and machine intelligence},
  volume={24},
  number={7},
  pages={881--892},
  year={2002},
  publisher={IEEE}
}

@inproceedings{cluster1,
  title={Distance measures for effective clustering of ARIMA time-series},
  author={Kalpakis, Konstantinos and Gada, Dhiral and Puttagunta, Vasundhara},
  booktitle={Proceedings 2001 IEEE international conference on data mining},
  pages={273--280},
  year={2001},
  organization={IEEE}
}

@article{cluster2,
  title={Hierarchical Clustering via Joint Between-Within Distances: Extending Ward's Minimum Variance Method.},
  author={Szekely, Gabor J and Rizzo, Maria L},
  journal={Journal of classification},
  volume={22},
  number={2},
  year={2005}
}