@article{1,
  title={{サーバプッシュにおけるモバイル端末の RRC 状態を考慮したメッセージ配信遅延抑制方式}},
  author={{大西健夫 and 城島貴弘 and 中島一彰 and others}},
  journal={{研究報告マルチメディア通信と分散処理 (DPS)}},
  volume={2013},
  number={39},
  pages={1--6},
  year={2013},
  month={Sep}
}

@inproceedings{chen2015analysis,
  title={{Analysis and Improvement of mobility procedures for mobile relays in LTE networks}},
  author={Chen, Yangyang and Lagrange, Xavier},
  booktitle={{2015 IEEE 26th Annual International Symposium on Personal, Indoor, and Mobile Radio Communications (PIMRC)}},
  pages={1769--1774},
  year={2015},
  organization={IEEE},
  month={Aug}
}