@article{monitering,
  title={Embedded system integrated into a wireless sensor network for online dynamic torque and efficiency monitoring in induction motors},
  author={Lima-Filho, Abel C and Gomes, Ruan D and Adissi, Marceu O and Da Silva, Tassio Alessandro Borges and Belo, Francisco A and Spohn, Marco A},
  journal={IEEE ASME transactions on mechatronics},
  volume={17},
  number={3},
  pages={404--414},
  year={2012},
  publisher={IEEE}
}

@inproceedings{lte1,
  title={LTE and WiFi: Experiences with Quality and Consumption.},
  author={Striegel, Aaron and Liu, Shu and Hu, Xueheng and Meng, Lei},
  booktitle={FNC/MobiSPC},
  pages={418--425},
  year={2014}
}

@inproceedings{lte2,
  title={Delay metrics and delay characteristics: A study of four Swedish HSDPA+ and LTE networks},
  author={Garcia, Johan and Alfredsson, Stefan and Brunstrom, Anna},
  booktitle={2015 European Conference on Networks and Communications (EuCNC)},
  pages={234--238},
  year={2015},
  organization={IEEE}
}

@article{tcp,
  title={An in-depth study of LTE: effect of network protocol and application behavior on performance},
  author={Huang, Junxian and Qian, Feng and Guo, Yihua and Zhou, Yuanyuan and Xu, Qiang and Mao, Z Morley and Sen, Subhabrata and Spatscheck, Oliver},
  journal={ACM SIGCOMM Computer Communication Review},
  volume={43},
  number={4},
  pages={363--374},
  year={2013},
  publisher={ACM New York, NY, USA}
}

@article{distribution,
title={{LTE環境下の実測データに基づくRTT分布モデリング}},
author={{田行里衣, 池上大介}},
journal={{電子情報通信学会}},
volume={{118}},
number={{140}},
pages={{57--61}},
year={{2018}},
publisher={{ISSN}}
}

@mastersthesis{prev,
title={{実環境における Radio Tomographic Imaging によるイベント検知の検証}},
author={{辰巳 陸}},
type={{特別研究報告}},
school={{大阪大学}},
year={{2019}},
month={{Feb}},
}

@article{arma-garch,
  title={Persistence in variance, structural change, and the GARCH model},
  author={Lamoureux, Christopher G and Lastrapes, William D},
  journal={Journal of Business \& Economic Statistics},
  volume={8},
  number={2},
  pages={225--234},
  year={1990},
  publisher={Taylor \& Francis}
}

@article{aic1,
  title={Model selection and Akaike's information criterion (AIC): The general theory and its analytical extensions},
  author={Bozdogan, Hamparsum},
  journal={Psychometrika},
  volume={52},
  number={3},
  pages={345--370},
  year={1987},
  publisher={Springer}
}

@article{aic2,
  title={Multimodel inference: understanding AIC and BIC in model selection},
  author={Burnham, Kenneth P and Anderson, David R},
  journal={Sociological methods \& research},
  volume={33},
  number={2},
  pages={261--304},
  year={2004},
  publisher={Sage Publications Sage CA: Thousand Oaks, CA}
}

@article{kmeans,
  title={An efficient k-means clustering algorithm: Analysis and implementation},
  author={Kanungo, Tapas and Mount, David M and Netanyahu, Nathan S and Piatko, Christine D and Silverman, Ruth and Wu, Angela Y},
  journal={IEEE transactions on pattern analysis and machine intelligence},
  volume={24},
  number={7},
  pages={881--892},
  year={2002},
  publisher={IEEE}
}

@inproceedings{cluster1,
  title={Distance measures for effective clustering of ARIMA time-series},
  author={Kalpakis, Konstantinos and Gada, Dhiral and Puttagunta, Vasundhara},
  booktitle={Proceedings 2001 IEEE international conference on data mining},
  pages={273--280},
  year={2001},
  organization={IEEE}
}

@article{cluster2,
  title={Hierarchical Clustering via Joint Between-Within Distances: Extending Ward's Minimum Variance Method.},
  author={Szekely, Gabor J and Rizzo, Maria L},
  journal={Journal of classification},
  volume={22},
  number={2},
  year={2005}
}

@article{hansen2005forecast,
  title={A forecast comparison of volatility models: does anything beat a GARCH (1, 1)?},
  author={Hansen, Peter R and Lunde, Asger},
  journal={Journal of applied econometrics},
  volume={20},
  number={7},
  pages={873--889},
  year={2005},
  publisher={Wiley Online Library}
}