@article{lima2012embedded,
  title={{Embedded system integrated into a wireless sensor network for online dynamic torque and efficiency monitoring in induction motors}},
  author={{Lima-Filho, Abel C and Gomes, Ruan D and Adissi, Marceu O and Da Silva, Tassio Alessandro Borges and Belo, Francisco A and Spohn, Marco A}},
  journal={{IEEE/ASME Transactions on Mechatronics}},
  volume={17},
  number={3},
  pages={404--414},
  year={2012},
  month={Apr},
  publisher={IEEE}
}

@mastersthesis{prev,
title={{実環境における Radio Tomographic Imaging によるイベント検知の検証}},
author={{辰巳 陸}},
type={{特別研究報告}},
school={{大阪大学}},
year={2019},
month={Feb}
}

@inproceedings{striegel2014lte,
  title={{LTE and WiFi: Experiences with Quality and Consumption}},
  author={Striegel, Aaron and Liu, Shu and Hu, Xueheng and Meng, Lei},
  booktitle={FNC/MobiSPC},
  pages={418--425},
  year={2014},
  month={Aug}
}

@inproceedings{garcia2015delay,
  title={{Delay metrics and delay characteristics: A study of four Swedish HSDPA+ and LTE networks}},
  author={{Garcia, Johan and Alfredsson, Stefan and Brunstrom, Anna}},
  booktitle={{in Proceedings of 2015 European Conference on Networks and Communications (EuCNC)}},
  pages={234--238},
  year={2015},
  month={Aug}
}

@article{huang2013depth,
  title={{An in-depth study of LTE: effect of network protocol and application behavior on performance}},
  author={Huang, Junxian and Qian, Feng and Guo, Yihua and Zhou, Yuanyuan and Xu, Qiang and Mao, Z Morley and Sen, Subhabrata and Spatscheck, Oliver},
  journal={{ACM SIGCOMM Computer Communication Review}},
  volume={43},
  number={4},
  pages={363--374},
  year={2013},
  month={Aug},
  publisher={ACM New York, NY, USA}
}

@inproceedings{distribution,
title={{LTE環境下の実測データに基づくRTT分布モデリング}},
booktitle={{信学技報（CQ2018-41）}},
author={{田行里衣，池上大介}},
volume={118},
number={140},
pages={57--61},
year={2018},
month={July}
}

@article{lamoureux1990persistence,
  title={{Persistence in variance, structural change, and the GARCH model}},
  author={Lamoureux, Christopher G and Lastrapes, William D},
  journal={Journal of Business \& Economic Statistics},
  volume={8},
  number={2},
  pages={225--234},
  year={1990},
  month ={July},
  publisher={Taylor \& Francis}
}

@article{bozdogan1987model,
  title={{Model selection and Akaike's Information Criterion (AIC): The general theory and its analytical extensions}},
  author={Bozdogan, Hamparsum},
  journal={Psychometrika},
  volume={52},
  number={3},
  pages={345--370},
  year={1987},
  month={Sep},
  publisher={Springer}
}

@article{burnham2004multimodel,
  title={{Multimodel inference: understanding AIC and BIC in model selection}},
  author={Burnham, Kenneth P and Anderson, David R},
  journal={Sociological Methods \& Research},
  volume={33},
  number={2},
  pages={261--304},
  year={2004},
  month={Nov},
  publisher={Sage Publications Sage CA: Thousand Oaks, CA}
}

@article{hansen2005forecast,
  title={{A forecast comparison of volatility models: does anything beat a GARCH (1, 1)?}},
  author={Hansen, Peter R and Lunde, Asger},
  journal={Journal of Applied Econometrics},
  volume={20},
  number={7},
  pages={873--889},
  year={2005},
  month={Mar},
  publisher={Wiley Online Library}
}

@article{jolliffe2016principal,
  title={{Principal component analysis: a review and recent developments}},
  author={Jolliffe, Ian T and Cadima, Jorge},
  journal={Philosophical Transactions of the Royal Society A: Mathematical, Physical and Engineering Sciences},
  volume={374},
  number={2065},
  pages={20150202},
  year={2016},
  month={Apr},
  publisher={The Royal Society Publishing}
}

@article{murtagh2014ward,
  title={{Ward’s hierarchical agglomerative clustering method: which algorithms implement Ward’s criterion?}},
  author={Murtagh, Fionn and Legendre, Pierre},
  journal={Journal of classification},
  volume={31},
  number={3},
  pages={274--295},
  year={2014},
  month={Oct},
  publisher={Springer}
}

@inproceedings{liu2010understanding,
  title={{Understanding of internal clustering validation measures}},
  author={Liu, Yanchi and Li, Zhongmou and Xiong, Hui and Gao, Xuedong and Wu, Junjie},
  booktitle={in Proceedings of 2010 IEEE International Conference on Data Mining},
  pages={911--916},
  year={2010},
  month={Dec}
}

@mastersthesis{kanajiri,
title={Anomaly detection using incremental clustering and correlation coefficients in industrial wireless sensor networks},
author={{Ryosuke Kanajiri}},
school={{Osaka University}},
year={{2020}},
month={{Feb}},
}

@inproceedings{mouratidis2005medoid,
  title={{Medoid queries in large spatial databases}},
  author={Mouratidis, Kyriakos and Papadias, Dimitris and Papadimitriou, Spiros},
  booktitle={in Proceedings of International Symposium on Spatial and Temporal Databases},
  pages={55--72},
  year={2005},
  month={Aug}
}

@Misc{soumutrafficstatics,
  title = {{総務省「情報通信統計データベース 我が国の移動通信トラヒックの現状」}},
  howpublished = {{https://www.soumu.go.jp/johotsusintokei/field/tsuushin06.html}}
}

@Misc{soumuwhitepaper,
  title = {{総務省 令和元年度情報通信白書}},
  howpublished = {{https://www.soumu.go.jp/\\johotsusintokei/whitepaper/ja/r01/html/nd232500.html}}
}