@inproceedings{watanabe2013waic,
  title={WAIC and WBIC are information criteria for singular statistical model evaluation},
  author={Watanabe, Sumio},
  booktitle={Proceedings of the Workshop on Information Theoretic Methods in Science and Engineering},
  pages={90--94},
  year={2013}
}

@article{asai1999ana,
  title={{単変量時系列の分析}},
  author={{浅井学}},
  journal={{立命館経済学}},
  volume={48},
  number={2},
  pages={208--235},
  year={1999},
  publisher={{立命館大学経済学会}}
}

@article{perrin2002fast,
  title={Fast and exact synthesis for 1-D fractional Brownian motion and fractional Gaussian noises},
  author={Perrin, Emmanuel and Harba, Rachid and Jennane, Rachid and Iribarren, Ileana},
  journal={IEEE Signal Processing Letters},
  volume={9},
  number={11},
  pages={382--384},
  year={2002},
  publisher={IEEE}
}

@article{rizk2012non,
  title={Non-asymptotic end-to-end performance bounds for networks with long range dependent fBm cross traffic},
  author={Rizk, Amr and Fidler, Markus},
  journal={Computer Networks},
  volume={56},
  number={1},
  pages={127--141},
  year={2012},
  publisher={Elsevier}
}